@article{olshausen1996emergence,
  title={Emergence of simple-cell receptive field properties by learning a sparse code for natural images},
  author={Olshausen, Bruno A and Field, David J},
  journal={Nature},
  volume={381},
  number={6583},
  pages={607--609},
  year={1996}
}
@article{olshausen1997sparse,
   title={Sparse coding with an overcomplete basis set: A strategy employed by V1?},
   author={Olshausen, Bruno A and Field, David J},
   journal={Vision research},
   volume={37},
   number={23},
   pages={3311--3325},
   year={1997},
   publisher={Elsevier}
}
@article{bell1997independent,
   title={The “independent components” of natural scenes are edge filters},
   author={Bell, Anthony J and Sejnowski, Terrence J},
   journal={Vision research},
   volume={37},
   number={23},
   pages={3327--3338},
   year={1997},
   publisher={Elsevier}
}
@techreport{mairal2007learning,
   title={Learning multiscale sparse representations for image and video restoration},
   author={Mairal, Julien and Sapiro, Guillermo and Elad, Michael},
   year={2007},
   institution={DTIC Document}
}
@inproceedings{grosse2007shift,
   title={Shift-Invariance Sparse Coding for Audio Classification},
   author={Grosse, Roger and Raina, Rajat and Kwong, Helen and Ng, Andrew Y},
   booktitle={The Twenty-Third Conference on Uncertainty in Artificial Intelligence (UAI)},
   year={2007}
} 
@article{bruckstein2009sparse,
   title={From sparse solutions of systems of equations to sparse modeling of signals and images},
   author={Bruckstein, Alfred M and Donoho, David L and Elad, Michael},
   journal={SIAM review},
   volume={51},
   number={1},
   pages={34--81},
   year={2009},
   publisher={SIAM}
}
@article{lewicki2000learning,
   title={Learning overcomplete representations},
   author={Lewicki, Michael S and Sejnowski, Terrence J},
   journal={Neural computation},
   volume={12},
   number={2},
   pages={337--365},
   year={2000},
   publisher={MIT Press}
}
@article{aharon2006ksvd,
   title={K-SVD: An Algorithm for Designing Overcomplete Dictionaries for Sparse Reconstruction},
   author={Aharon, Michal and Elad, Michael and Bruckstein, Alfred},
   journal={Signal Processing, IEEE Transactions on},
   volume={54},
   number={11},
   pages={4311--4322},
   year={2006},
   publisher={IEEE}
}
@article{smith2006efficient,
   title={Efficient auditory coding},
   author={Smith, Evan C and Lewicki, Michael S},
   journal={Nature},
   volume={439},
   number={7079},
   pages={978--982},
   year={2006},
   publisher={Nature Publishing Group}
}
@article{wright2010sparse,
   title={Sparse representation for computer vision and pattern recognition},
   author={Wright, John and Ma, Yi and Mairal, Julien and Sapiro, Guillermo and Huang, Thomas S and Yan, Shuicheng},
   journal={Proceedings of the IEEE},
   volume={98},
   number={6},
   pages={1031--1044},
   year={2010},
   publisher={IEEE}
}
@article{serre2007robust,
   title = {Robust Object Recognition with Cortex-Like Mechanisms},
   author = {T Serre and L Wolf and S Bileschi and M Risenhuber and T Poggio},
   journal = {IEEE Trans Pattern Anal Mach Intell},
   pages = {411-426},
   series = {3},
   volume = {29},
   year = {2007},
}
@misc{PV,
   title = {PetaVision},
   url = {http://petavision.github.io/}
}
@inproceedings{zeiler2011adaptive,
   title={Adaptive deconvolutional networks for mid and high level feature learning},
   author={Zeiler, Matthew D and Taylor, Graham W and Fergus, Rob},
   booktitle={Computer Vision (ICCV), 2011 IEEE International Conference on},
   pages={2018--2025},
   year={2011},
   organization={IEEE}
}
@inproceedings{kavukcuoglu2010learning,
   title={Learning convolutional feature hierarchies for visual recognition},
   author={Kavukcuoglu, Koray and Sermanet, Pierre and Boureau, Y-Lan and Gregor, Karol and Mathieu, Micha{\"e}l and Cun, Yann L},
   booktitle={Advances in neural information processing systems},
   pages={1090--1098},
   year={2010}
}
@inproceedings{krizhevsky2012imagenet,
   title={Imagenet classification with deep convolutional neural networks},
   author={Krizhevsky, Alex and Sutskever, Ilya and Hinton, Geoff},
   booktitle={Advances in Neural Information Processing Systems 25},
   pages={1106--1114},
   year={2012}
}
@article{le2013building,
  title={Building High-level Features Using Large Scale Unsupervised Learning},
  author={Le, Quoc V and Monga, Rajat and Devin, Matthieu and Chen, Kai and Corrado, Greg S and Dean, Jeff and Ng, Andrew Y},
  booktitle={Acoustics, Speech and Signal Processing (ICASSP), 2013 IEEE International Conference on},
  pages={8595--8598},
  year={2013},
  organization={IEEE}
}
@article{lee2011unsupervised,
   title={Unsupervised learning of hierarchical representations with convolutional deep belief networks},
   author={Lee, Honglak and Grosse, Roger and Ranganath, Rajesh and Ng, Andrew Y},
   journal={Communications of the ACM},
   volume={54},
   number={10},
   pages={95--103},
   year={2011},
   publisher={ACM}
}
@article{hinton2006fast,
   title={A fast learning algorithm for deep belief nets},
   author={Hinton, Geoffrey E and Osindero, Simon and Teh, Yee-Whye},
   journal={Neural computation},
   volume={18},
   number={7},
   pages={1527--1554},
   year={2006},
   publisher={MIT Press}
}
@article{rozell2008sparse,
   title={Sparse coding via thresholding and local competition in neural circuits},
   author={Rozell, Christopher J and Johnson, Don H and Baraniuk, Richard G and Olshausen, Bruno A},
   journal={Neural computation},
   volume={20},
   number={10},
   pages={2526--2563},
   year={2008},
   publisher={MIT Press}
}
@article{hopfield1982neural,
  title={Neural networks and physical systems with emergent collective computational abilities},
  author={Hopfield, John J},
  journal={Proceedings of the national academy of sciences},
  volume={79},
  number={8},
  pages={2554--2558},
  year={1982},
  publisher={National Acad Sciences}
}
@inproceedings{koster2013modeling,
  title={Modeling neural population data},
  author={K{\"o}ster, Ulli and Olshausen, Bruno and Gray, Charles},
  booktitle={Signals, Systems and Computers, 2013 Asilomar Conference on},
  pages={358--361},
  year={2013},
  organization={IEEE}
}
@article{koster2014modeling,
  title={Modeling higher-order correlations within cortical microcolumns},
  author={K{\"o}ster, Urs and Sohl-Dickstein, Jascha and Gray, Charles M and Olshausen, Bruno A},
  year={2014}
}
@article{haslinger2012context,
  title={Context matters: the illusive simplicity of macaque V1 receptive fields},
  author={Haslinger, Robert and Pipa, Gordon and Lima, Bruss and Singer, Wolf and Brown, Emery N and Neuenschwander, Sergio},
  year={2012}
}
@article{zhu2015sparse,
  title={Sparse coding models of neural response in the primary visual cortex},
  author={Zhu, Mengchen},
  year={2015},
  publisher={Georgia Institute of Technology}
}
@article{rao1999predictive,
  title={Predictive coding in the visual cortex: a functional interpretation of some extra-classical receptive-field effects},
  author={Rao, Rajesh PN and Ballard, Dana H},
  journal={Nature neuroscience},
  volume={2},
  number={1},
  pages={79--87},
  year={1999},
  publisher={Nature Publishing Group}
}
@article{schultz2014replicating,
  title={Replicating kernels with a short stride allows sparse reconstructions with fewer independent kernels},
  author={Schultz, Peter F and Paiton, Dylan M and Lu, Wei and Kenyon, Garrett T},
  journal={arXiv preprint arXiv:1406.4205},
  year={2014}
}
@article{hyvarinen2003bubbles,
  title={Bubbles: a unifying framework for low-level statistical properties of natural image sequences},
  author={Hyv{\"a}rinen, Aapo and Hurri, Jarmo and V{\"a}yrynen, Jaakko},
  journal={JOSA A},
  volume={20},
  number={7},
  pages={1237--1252},
  year={2003},
  publisher={Optical Society of America}
}
@article{haterenhansruderman1998independent,
  title={Independent component analysis of natural image sequences yields spatio-temporal filters similar to simple cells in primary visual cortex},
  author={van Hateren, J Hans and Ruderman, Dan L},
  journal={Proceedings of the Royal Society of London B: Biological Sciences},
  volume={265},
  number={1412},
  pages={2315--2320},
  year={1998},
  publisher={The Royal Society}
}

@inproceedings{olshausen2003learning,
  title={Learning sparse, overcomplete representations of time-varying natural images},
  author={Olshausen, Bruno A},
  booktitle={Image Processing, 2003. ICIP 2003. Proceedings. 2003 International Conference on},
  volume={1},
  pages={I--41},
  year={2003},
  organization={IEEE}
}

@article{field1994goal,
  title={What is the goal of sensory coding?},
  author={Field, David J},
  journal={Neural computation},
  volume={6},
  number={4},
  pages={559--601},
  year={1994},
  publisher={MIT Press}
}

@article{olshausen1997sparse,
  title={Sparse coding with an overcomplete basis set: A strategy employed by V1?},
  author={Olshausen, Bruno A and Field, David J},
  journal={Vision research},
  volume={37},
  number={23},
  pages={3311--3325},
  year={1997},
  publisher={Elsevier}
}

@article{haterenhansschaaf1998independent,
  title={Independent component filters of natural images compared with simple cells in primary visual cortex},
  author={van Hateren, J Hans and van der Schaaf, Arjen},
  journal={Proceedings of the Royal Society of London B: Biological Sciences},
  volume={265},
  number={1394},
  pages={359--366},
  year={1998},
  publisher={The Royal Society}
}

@article{zylberberg2011sparse,
  title={A sparse coding model with synaptically local plasticity and spiking neurons can account for the diverse shapes of V1 simple cell receptive fields},
  author={Zylberberg, Joel and Murphy, Jason Timothy and DeWeese, Michael Robert},
  journal={PLoS Comput Biol},
  volume={7},
  number={10},
  pages={e1002250},
  year={2011}
}

@article{zhu2013visual,
  title={Visual nonclassical receptive field effects emerge from sparse coding in a dynamical system},
  author={Zhu, Mengchen and Rozell, Christopher J},
  year={2013}
}

@inproceedings{dean2009recursive,
  title={Recursive sparse, spatiotemporal coding},
  author={Dean, Thomas and Washington, Rich and Corrado, Greg},
  booktitle={Multimedia, 2009. ISM'09. 11th IEEE International Symposium on},
  pages={645--650},
  year={2009},
  organization={IEEE}
}

@inproceedings{cadieu2008learning,
  title={Learning transformational invariants from natural movies},
  author={Cadieu, Charles and Olshausen, Bruno A},
  booktitle={Advances in neural information processing systems},
  pages={209--216},
  year={2008}
}

@article{simoncelli2001natural,
  title={Natural image statistics and neural representation},
  author={Simoncelli, Eero P and Olshausen, Bruno A},
  journal={Annual review of neuroscience},
  volume={24},
  number={1},
  pages={1193--1216},
  year={2001},
  publisher={Annual Reviews 4139 El Camino Way, PO Box 10139, Palo Alto, CA 94303-0139, USA}
}

@inproceedings{charles2011causal,
  title={A causal Locally Competitive Algorithm for the sparse decomposition of audio signals},
  author={Charles, Adam S and Kressner, Abigail and Rozell, Christopher J and others},
  booktitle={Digital Signal Processing Workshop and IEEE Signal Processing Education Workshop (DSP/SPE), 2011 IEEE},
  pages={265--270},
  year={2011},
  organization={IEEE}
}
@inproceedings{paiton2015deconvolutional,
    title={A Deconvolutional Competitive Algorithm for Building Sparse Hierarchical Representations},
    author={Paiton, Dylan M and Lundquist, Sheng Y and Shainin, William B and Zhang, Xinhua and Schultz, Peter F and Kenyon, Garrett T},
    booktitle={In press for the 9th EAI International Conference on Bio-Inspired Information and Communications Technologies},
    year={2015},
    organization={BICT}
}
@article{rehn2007network,
  title={A network that uses few active neurones to code visual input predicts the diverse shapes of cortical receptive fields},
  author={Rehn, Martin and Sommer, Friedrich T},
  journal={Journal of computational neuroscience},
  volume={22},
  number={2},
  pages={135--146},
  year={2007},
  publisher={Springer}
}
@inproceedings{takeuchi2005sharpening,
  title={Sharpening image motion based on the spatio-temporal characteristics of human vision},
  author={Takeuchi, Tatsuto and De Valois, Karen K},
  booktitle={Electronic Imaging 2005},
  pages={83--94},
  year={2005},
  organization={International Society for Optics and Photonics}
}
@article{takeuchi2002motion,
  title={Motion sharpening in moving natural images},
  author={Takeuchi, Tatsuto and De Valois, Karen K},
  journal={Journal of Vision},
  volume={2},
  number={7},
  pages={377--377},
  year={2002},
  publisher={Association for Research in Vision and Ophthalmology}
}
@inproceedings{kapotas2010moving,
  title={Moving object detection in the H. 264 compressed domain},
  author={Kapotas, Spyridon K and Skodras, Athanassios N},
  booktitle={Imaging Systems and Techniques (IST), 2010 IEEE International Conference on},
  pages={325--328},
  year={2010},
  organization={IEEE}
}
@article{porikli2010compressed,
  title={Compressed domain video object segmentation},
  author={Porikli, Fatih and Bashir, Faisal and Sun, Huifang},
  journal={Circuits and Systems for Video Technology, IEEE Transactions on},
  volume={20},
  number={1},
  pages={2--14},
  year={2010},
  publisher={IEEE}
}
@article{shan2005cross,
  title={Cross-Layer Techniques for Adaptive Video Streaming over Wireless Networks.},
  author={Shan, Yufeng},
  journal={EURASIP J. Adv. Sig. Proc.},
  volume={2005},
  number={2},
  pages={220--228},
  year={2005}
}
@article{sullivan2005video,
  title={Video compression-from concepts to the H. 264/AVC standard},
  author={Sullivan, Gary J and Wiegand, Thomas},
  journal={Proceedings of the IEEE},
  volume={93},
  number={1},
  pages={18--31},
  year={2005},
  publisher={IEEE}
}
@article{ohm2012comparison,
  title={Comparison of the coding efficiency of video coding standards—including high efficiency video coding (HEVC)},
  author={Ohm, J-R and Sullivan, Gary J and Schwarz, Holger and Tan, Thiow Keng and Wiegand, Thomas},
  journal={Circuits and Systems for Video Technology, IEEE Transactions on},
  volume={22},
  number={12},
  pages={1669--1684},
  year={2012},
  publisher={IEEE}
}
@article{lee2012perceptual,
  title={Perceptual video compression: A survey},
  author={Lee, Jong-Seok and Ebrahimi, Touradj},
  journal={Selected Topics in Signal Processing, IEEE Journal of},
  volume={6},
  number={6},
  pages={684--697},
  year={2012},
  publisher={Ieee}
}
@article{karklin2005hierarchical,
  title={A hierarchical Bayesian model for learning nonlinear statistical regularities in nonstationary natural signals},
  author={Karklin, Yan and Lewicki, Michael S},
  journal={Neural computation},
  volume={17},
  number={2},
  pages={397--423},
  year={2005},
  publisher={MIT Press}
}
@inproceedings{garrigues2010group,
  title={Group sparse coding with a laplacian scale mixture prior},
  author={Garrigues, Pierre and Olshausen, Bruno A},
  booktitle={Advances in neural information processing systems},
  pages={676--684},
  year={2010}
}
@book{dayan2001theoretical,
    title={Theoretical Neuroscience},
    author={Dayan, Peter, Abbott, Laurence F},
    volume={806},
    year={2001},
    publisher={Cambridge, MA: MIT Press}
}
